<record><leader>00000cas a2200000 a 4500</leader><controlfield tag="001">4770180</controlfield><controlfield tag="008">790323d17931795vauwr ne      0   a0eng c</controlfield><datafield ind1=" " ind2=" " tag="010"><subfield code="a">sn 83026157 </subfield></datafield><datafield ind1=" " ind2=" " tag="040"><subfield code="a">YSM</subfield><subfield code="b">eng</subfield><subfield code="c">YSM</subfield><subfield code="d">MUL</subfield><subfield code="d">NPV</subfield><subfield code="d">NPA</subfield><subfield code="d">NPX</subfield><subfield code="d">DLC</subfield><subfield code="d">NJW</subfield><subfield code="d">KNP</subfield><subfield code="d">NVK</subfield><subfield code="d">OCL</subfield><subfield code="d">CVF</subfield><subfield code="d">NYS</subfield><subfield code="d">KRTAS</subfield><subfield code="d">OCLCQ</subfield><subfield code="d">OCLCF</subfield><subfield code="d">OCLCO</subfield><subfield code="d">DLC</subfield><subfield code="d">HUL</subfield></datafield><datafield ind1="0" ind2=" " tag="022"><subfield code="a">2574-6677</subfield><subfield code="l">2574-6677</subfield><subfield code="2">1</subfield></datafield><datafield ind1=" " ind2=" " tag="042"><subfield code="a">pcc</subfield><subfield code="a">nsdp</subfield></datafield><datafield ind1=" " ind2=" " tag="043"><subfield code="a">n-us-va</subfield></datafield><datafield ind1="0" ind2="0" tag="050"><subfield code="a">Newspaper</subfield></datafield><datafield ind1=" " ind2="4" tag="222"><subfield code="a">The Staunton spy</subfield></datafield><datafield ind1="0" ind2="4" tag="245"><subfield code="a">The Staunton spy.</subfield></datafield><datafield ind1=" " ind2=" " tag="260"><subfield code="a">Staunton [Va.] :</subfield><subfield code="b">William Throckmorton &amp; Co.</subfield></datafield><datafield ind1=" " ind2=" " tag="300"><subfield code="a">v. ;</subfield><subfield code="c">38-43 cm.</subfield></datafield><datafield ind1=" " ind2=" " tag="310"><subfield code="a">Weekly</subfield></datafield><datafield ind1="1" ind2=" " tag="362"><subfield code="a">Began in Feb. 1793; ceased by 1795.</subfield></datafield><datafield ind1=" " ind2=" " tag="500"><subfield code="a">Publishers: Throckmorton &amp; Chapman &lt;Oct. 19, 1793-Feb. 1, 1794&gt;.</subfield></datafield><datafield ind1=" " ind2=" " tag="530"><subfield code="a">Available on micropaque from the Readex Microprint Corp.</subfield></datafield><datafield ind1=" " ind2=" " tag="588"><subfield code="a">Description based on: Vol. 1, no. 34 (Sept. 21, 1793).</subfield></datafield><datafield ind1=" " ind2=" " tag="588"><subfield code="a">Latest issue consulted: Vol. 2, no. 53 (Feb. 1, 1794).</subfield></datafield><datafield ind1=" " ind2="0" tag="651"><subfield code="a">Staunton (Va.)</subfield><subfield code="v">Newspapers.</subfield></datafield><datafield ind1=" " ind2="7" tag="651"><subfield code="a">Virginia</subfield><subfield code="z">Staunton.</subfield><subfield code="2">fast</subfield><subfield code="0">(OCoLC)fst01204696</subfield></datafield><datafield ind1=" " ind2="7" tag="655"><subfield code="a">Newspapers.</subfield><subfield code="2">fast</subfield><subfield code="0">(OCoLC)fst01423814</subfield></datafield><datafield ind1=" " ind2=" " tag="752"><subfield code="a">United States</subfield><subfield code="b">Virginia</subfield><subfield code="d">Staunton.</subfield></datafield><datafield ind1="0" ind2="0" tag="785"><subfield code="t">Virginia gazette (Staunton, Va.)</subfield><subfield code="w">(DLC)sn 88061221</subfield><subfield code="w">(OCoLC)18592839</subfield></datafield><datafield ind1=" " ind2=" " tag="938"><subfield code="a">Kirtas Technologies, Inc.</subfield><subfield code="b">KRTS</subfield><subfield code="n">735823</subfield></datafield><datafield ind1="1" ind2=" " tag="029"><subfield code="a">AU@</subfield><subfield code="b">000003042028</subfield></datafield></record>